% Encoding: UTF-8

@Book{Makarenko,
  title       = {Calculus of variations},
  publisher   = {Mir Publishers},
  year        = {1975},
  author      = {Krasnov, M. L. and Kiseliev, A. I. and Makarenko, G. I.},
  hyphenation = {English},
}

@Comment{jabref-meta: databaseType:bibtex;}